<?xml version="1.0" encoding="UTF-8"?><collection xmlns="http://www.loc.gov/MARC21/slim"><record><leader>00548nam--2200181-i-4500</leader><controlfield tag="001">000001433</controlfield><controlfield tag="002">20161230</controlfield><controlfield tag="005">20161230201024</controlfield><controlfield tag="008">060222s1000------------r-----000-0-fre-d</controlfield><datafield ind1=" " ind2=" " tag="040"><subfield code="a">IFIN-HH</subfield></datafield><datafield ind1=" " ind2=" " tag="041"><subfield code="a">fre</subfield></datafield><datafield ind1=" " ind2=" " tag="080"><subfield code="a">015:536.7:536.45</subfield></datafield><datafield ind1="1" ind2=" " tag="100"><subfield code="a">Delmaire, Jean-pierre</subfield></datafield><datafield ind1="1" ind2="0" tag="245"><subfield code="a">Contribution a l'etude thermodynamique des sulfures non-stoechiometrique a haute temperature</subfield><subfield code="c">Jean-pierre delmaire</subfield></datafield><datafield ind1=" " ind2=" " tag="260"><subfield code="a">Amiens</subfield><subfield code="b">Faculte Des Ciences D'Amiens</subfield><subfield code="c">1972</subfield></datafield><datafield ind1=" " ind2=" " tag="300"><subfield code="a">109P. + XV</subfield></datafield><datafield ind1=" " ind2=" " tag="852"><subfield code="a">38015</subfield><subfield code="c">536.7</subfield></datafield><datafield ind1=" " ind2=" " tag="CAT"><subfield code="a">Sys</subfield><subfield code="c">20110524</subfield><subfield code="h">111846</subfield></datafield></record></collection>